@book{quinlan1993c4.5,
  title={C4.5: Programs for Machine Learning},
  author={Quinlan, J. Ross},
  year={1993},
  publisher={Morgan Kaufmann}
}

@article{clifford2012advanced,
  title={Advanced methods and tools for ECG data analysis},
  author={Clifford, Gari D and Azuaje, Francisco and McSharry, Patrick E},
  journal={Artech House},
  year={2012}
}

@article{shickel2017deep,
  title={Deep EHR: A survey of recent advances in deep learning techniques for electronic health record (EHR) analysis},
  author={Shickel, Benjamin and Tighe, Patrick J and Bihorac, Azra and Rashidi, Parisa},
  journal={IEEE journal of biomedical and health informatics},
  volume={22},
  number={5},
  pages={1589--1604},
  year={2017},
  publisher={IEEE}
}

@article{pedregosa2011scikit,
  title={Scikit-learn: Machine learning in Python},
  author={Pedregosa, Fabian and Varoquaux, Ga{\"e}l and Gramfort, Alexandre and Michel, Vincent and Thirion, Bertrand and Grisel, Olivier and Blondel, Mathieu and Prettenhofer, Peter and Weiss, Ron and Dubourg, Vincent and others},
  journal={Journal of machine learning research},
  volume={12},
  pages={2825--2830},
  year={2011}
}

@book{goodfellow2016deep,
  title={Deep Learning},
  author={Goodfellow, Ian and Bengio, Yoshua and Courville, Aaron},
  year={2016},
  publisher={MIT Press}
}

@article{powers2011evaluation,
  title={Evaluation: from precision, recall and F-measure to ROC, informedness, markedness and correlation},
  author={Powers, David M W},
  journal={Journal of Machine Learning Technologies},
  volume={2},
  number={1},
  pages={37--63},
  year={2011}
}

@book{molnar2022interpretable,
  title={Interpretable Machine Learning},
  author={Molnar, Christoph},
  year={2022},
  publisher={Lulu.com}
}

@book{voigt2017gdpr,
  title={The EU General Data Protection Regulation (GDPR): A Practical Guide},
  author={Voigt, Paul and Von dem Bussche, Axel},
  year={2017},
  publisher={Springer International Publishing}
}

@article{mehrabi2021survey,
  title={A survey on bias and fairness in machine learning},
  author={Mehrabi, Ninareh and Morstatter, Fred and Saxena, Nripsuta and Lerman, Kristina and Galstyan, Aram},
  journal={ACM Computing Surveys (CSUR)},
  volume={54},
  number={6},
  pages={1--35},
  year={2021}
}

@article{rosenblatt1958perceptron,
  title={The Perceptron: A Probabilistic Model for Information Storage and Organization in the Brain},
  author={Rosenblatt, Frank},
  journal={Psychological Review},
  volume={65},
  number={6},
  pages={386--408},
  year={1958}
}

@article{rumelhart1986learning,
  title={Learning representations by back-propagating errors},
  author={Rumelhart, David E and Hinton, Geoffrey E and Williams, Ronald J},
  journal={Nature},
  volume={323},
  number={6088},
  pages={533--536},
  year={1986}
}
